@misc{behnel2005lxml,
  title={lxml: XML and HTML with Python},
  author={Behnel, Stefan and Faassen, Martijn and Bicking, Ian},
  year={2005},
  publisher={Lxml}
}

@article{mckinney2011pandas,
  title={pandas: a foundational Python library for data analysis and statistics},
  author={McKinney, Wes and others},
  journal={Python for High Performance and Scientific Computing},
  volume={14},
  number={9},
  year={2011},
  publisher={Seattle}
}


@book{salunke2014selenium,
  title={Selenium Webdriver in Python: Learn with Examples},
  author={Salunke, Sagar Shivaji},
  year={2014},
  publisher={CreateSpace Independent Publishing Platform}
}

@article{baba2014correccao,
  title={Corre{\c{c}}{\~a}o de dados agrometeorol{\'o}gicos utilizando m{\'e}todos estat{\'\i}sticos},
  author={Baba, Ricardo Kazuo and Vaz, Maria Salete Marcon Gomes and Costa, J{\'e}ssica da},
  journal={Revista Brasileira de Meteorologia},
  volume={29},
  number={4},
  pages={515--526},
  year={2014},
  publisher={SciELO Brasil}
}

@inproceedings{mateo2008design,
  title={Design and development of a prototype system for detecting abnormal weather observations},
  author={Mateo, Mark Anthony F and Leung, Carson Kai-Sang},
  booktitle={Proceedings of the 2008 C3S2E conference},
  pages={45--59},
  year={2008}
}

@misc{wiki:clima_do_brasil,
   author = "Wikipedia",
   title = "Clima do Brasil --- {W}ikipedia{,} The Free Encyclopedia",
   year = "2020",
   url = "\url{https://pt.wikipedia.org/wiki/Clima_do_Brasil}",
   note = "[Online; acessado em 12/10/2020]"
 }
 
 @article{zhang2003time,
  title={Time series forecasting using a hybrid ARIMA and neural network model},
  author={Zhang, G Peter},
  journal={Neurocomputing},
  volume={50},
  pages={159--175},
  year={2003},
  publisher={Elsevier}
}

@article{hochreiter1997long,
  title={Long short-term memory},
  author={Hochreiter, Sepp and Schmidhuber, J{\"u}rgen},
  journal={Neural computation},
  volume={9},
  number={8},
  pages={1735--1780},
  year={1997},
  publisher={MIT Press}
}

@book{box2011time,
  title={Time series analysis: forecasting and control},
  author={Box, George EP and Jenkins, Gwilym M and Reinsel, Gregory C},
  volume={734},
  year={2011},
  publisher={John Wiley \& Sons}
}

@article{whittle1951hypothesis,
  title={Hypothesis Testing in Time Series Analysis, 1951},
  author={Whittle, P},
  journal={Almquist and Wiksell, Upssala},
  year={1951}
}

@article{sak2014long,
  title={Long short-term memory recurrent neural network architectures for large scale acoustic modeling},
  author={Sak, Hasim and Senior, Andrew W and Beaufays, Fran{\c{c}}oise},
  year={2014}
}

@article{said1984testing,
  title={Testing for unit roots in autoregressive-moving average models of unknown order},
  author={Said, Said E and Dickey, David A},
  journal={Biometrika},
  volume={71},
  number={3},
  pages={599--607},
  year={1984},
  publisher={Oxford University Press}
}

@book{hyndman2007automatic,
  title={Automatic time series for forecasting: the forecast package for R},
  author={Hyndman, Rob J and Khandakar, Yeasmin and others},
  number={6/07},
  year={2007},
  publisher={Monash University, Department of Econometrics and Business Statistics~â€¦}
}

@article{sakamoto1986akaike,
  title={Akaike information criterion statistics},
  author={Sakamoto, Yosiyuki and Ishiguro, Makio and Kitagawa, Genshiro},
  journal={Dordrecht, The Netherlands: D. Reidel},
  volume={81},
  year={1986},
  publisher={Taylor \& Francis}
}

@misc{smith2017pmdarima,
  title={pmdarima: Arima estimators for python},
  author={Smith, Taylor G and others},
  year={2017},
  publisher={MIT, USA}
}

@book{hastie2009elements,
  title={The elements of statistical learning: data mining, inference, and prediction},
  author={Hastie, Trevor and Tibshirani, Robert and Friedman, Jerome},
  year={2009},
  publisher={Springer Science \& Business Media}
}

@article{pedregosa2011scikit,
  title={Scikit-learn: Machine learning in Python},
  author={Pedregosa, Fabian and Varoquaux, Ga{\"e}l and Gramfort, Alexandre and Michel, Vincent and Thirion, Bertrand and Grisel, Olivier and Blondel, Mathieu and Prettenhofer, Peter and Weiss, Ron and Dubourg, Vincent and others},
  journal={the Journal of machine Learning research},
  volume={12},
  pages={2825--2830},
  year={2011},
  publisher={JMLR. org}
}

@article{hansen2006global,
  title={Global temperature change},
  author={Hansen, James and Sato, Makiko and Ruedy, Reto and Lo, Ken and Lea, David W and Medina-Elizade, Martin},
  journal={Proceedings of the National Academy of Sciences},
  volume={103},
  number={39},
  pages={14288--14293},
  year={2006},
  publisher={National Acad Sciences}
}

@inproceedings{kaymaz2005hazards,
  title={Hazards and their impact on human},
  author={Kaymaz, Beyza},
  booktitle={International Movement for Interdisciplinary Study of Estrangement Conference},
  year={2005}
}

@article{oliveira2019estaccao,
  title={ESTA{\c{C}}{\~A}O METEOROL{\'O}GICA AUTOM{\'A}TICA DO CDTN: TRATAMENTO DAS INFORMA{\c{C}}{\~O}ES METEOROLOGICAS PARA RECONHECIMENTO DA QUALIDADE DOS DADOS E APOIO AOS ESTUDOS DE DISPERS{\~A}O ATMOSF{\'E}RICA.},
  author={Oliveira, Aline and de Souza, Leonardo Soares},
  year={2019}
}